/Users/gregorbetz/Google Drive/My Drive/bib/bib_all.bib